<record><leader>00000cas a22000007a 4500</leader><controlfield tag="001">40278391</controlfield><controlfield tag="008">981110d19241924vauwr ne      0    0eng d</controlfield><datafield ind1=" " ind2=" " tag="010"><subfield code="a">sn 98068222 </subfield></datafield><datafield ind1=" " ind2=" " tag="040"><subfield code="a">NVK</subfield><subfield code="b">eng</subfield><subfield code="c">NVK</subfield><subfield code="d">OCLCQ</subfield><subfield code="d">OCLCF</subfield><subfield code="d">OCLCO</subfield><subfield code="d">OCL</subfield></datafield><datafield ind1=" " ind2=" " tag="042"><subfield code="a">msc</subfield></datafield><datafield ind1="0" ind2=" " tag="130"><subfield code="a">Crawford's weekly (Norton, Va. : National ed.)</subfield></datafield><datafield ind1="0" ind2="0" tag="245"><subfield code="a">Crawford's weekly.</subfield></datafield><datafield ind1=" " ind2=" " tag="250"><subfield code="a">National ed.</subfield></datafield><datafield ind1=" " ind2=" " tag="260"><subfield code="a">Norton, Va. :</subfield><subfield code="b">[Bruce Crawford],</subfield><subfield code="c">1924-</subfield></datafield><datafield ind1=" " ind2=" " tag="300"><subfield code="a">v.</subfield></datafield><datafield ind1=" " ind2=" " tag="310"><subfield code="a">Weekly</subfield></datafield><datafield ind1="0" ind2=" " tag="362"><subfield code="a">Vol. 1, no. 1 (Oct. 15, 1924)-</subfield></datafield><datafield ind1="1" ind2=" " tag="362"><subfield code="a">Ceased in 1924?</subfield></datafield><datafield ind1=" " ind2=" " tag="500"><subfield code="a">Editor: Bruce Crawford.</subfield></datafield><datafield ind1=" " ind2=" " tag="500"><subfield code="a">"Significant news and liberal thoughts."</subfield></datafield><datafield ind1=" " ind2=" " tag="500"><subfield code="a">Published prior to 1924 national and state elections.</subfield></datafield><datafield ind1=" " ind2="0" tag="651"><subfield code="a">United States</subfield><subfield code="x">Politics and government</subfield><subfield code="v">Newspapers.</subfield></datafield><datafield ind1=" " ind2="0" tag="651"><subfield code="a">Virginia</subfield><subfield code="x">Politics and government</subfield><subfield code="v">Newspapers.</subfield></datafield><datafield ind1=" " ind2="0" tag="651"><subfield code="a">Norton (Va.)</subfield><subfield code="v">Newspapers.</subfield></datafield><datafield ind1=" " ind2="7" tag="650"><subfield code="a">Politics and government</subfield><subfield code="2">fast</subfield><subfield code="0">(OCoLC)fst01919741</subfield></datafield><datafield ind1=" " ind2="7" tag="651"><subfield code="a">United States.</subfield><subfield code="2">fast</subfield><subfield code="0">(OCoLC)fst01204155</subfield></datafield><datafield ind1=" " ind2="7" tag="651"><subfield code="a">Virginia.</subfield><subfield code="2">fast</subfield><subfield code="0">(OCoLC)fst01204597</subfield></datafield><datafield ind1=" " ind2="7" tag="651"><subfield code="a">Virginia</subfield><subfield code="z">Norton.</subfield><subfield code="2">fast</subfield><subfield code="0">(OCoLC)fst01222303</subfield></datafield><datafield ind1=" " ind2="7" tag="655"><subfield code="a">Newspapers.</subfield><subfield code="2">fast</subfield><subfield code="0">(OCoLC)fst01423814</subfield></datafield><datafield ind1=" " ind2=" " tag="752"><subfield code="a">United States</subfield><subfield code="b">Virginia</subfield><subfield code="c">Wise</subfield><subfield code="d">Norton.</subfield></datafield><datafield ind1="0" ind2=" " tag="775"><subfield code="t">Crawford's weekly</subfield><subfield code="w">(DLC)sn 94059439</subfield></datafield><datafield ind1=" " ind2=" " tag="936"><subfield code="a">Vol. 1, no. 2 (Oct. 22, 1924) LIC</subfield></datafield><datafield ind1="1" ind2=" " tag="029"><subfield code="a">AU@</subfield><subfield code="b">000024788837</subfield></datafield></record>